@Article{ hoare-69,
	title = "An axiomatic basis for computer programming",
	author = "Charles Antony Richard Hoare",
	publisher = "ACM",
	address = "New York, NY, USA",
	journal = "Communications of the ACM",
	pages = "576--580",
	volume = "12",
	month = oct,
	year = "1969",
	issn = "0001-0782",
	keywords = "axiomatic method, formal language definition, machine-independent programming, program documentation, programming language design, theory of programming' proofs of programs",
	url = "http://doi.acm.org/10.1145/363235.363259",
	doi = "http://doi.acm.org/10.1145/363235.363259",
	acmid = "363259",
	issue = "10",
	numpages = "5"
}

@Article{ dijkstra-75,
	title = "Guarded commands, nondeterminacy and formal derivation of programs",
	author = "Edsger Wybe Dijkstra",
	publisher = "ACM",
	address = "New York, NY, USA",
	journal = "Communications of the ACM",
	pages = "453--457",
	volume = "18",
	month = aug,
	year = "1975",
	issn = "0001-0782",
	keywords = "case-construction, correctness proof, derivation of programs, nondeterminancy, programming languages, programming language semantics, programming methodology, program semantics, repetition, sequencing primitives, termination",
	url = "http://doi.acm.org/10.1145/360933.360975",
	doi = "http://doi.acm.org/10.1145/360933.360975",
	acmid = "360975",
	issue = "8",
	numpages = "5"
}

@InProceedings{ floyd-67,
	author = "Robert W Floyd",
	title = "Assigning meanings to programs",
	booktitle = "Mathematical Aspects of Computer Science, Proceedings of Symposia in Applied Mathematics",
	editor = "J. T. Schwartz",
	year = 1967,
	organization = "American Mathematical Society",
	address = "Providence",
	pages = "19--32",
	volume = "19"
}

@Misc{ richard-comet-bernot-08,
	author = "Adrien Richard and Jean-Paul Comet and Gilles Bernot",
	title = "R. {T}homas' logical method",
	year = "2008",
	month = apr,
	note = "Invited at Tutorials on modelling methods and tools: Modelling a genetic switch and Metabolic Networks, Spring School on Modelling Complex Biological Systems in the Context of Genomics"
}

@InCollection{ berard-08,
	booktitle = "Approches formelles des syst{\`e}mes embarqu{\'e}s communicants",
	title = "Model checking temporis{\'e}",
	author = "B{\'e}atrice B{\'e}rard",
	editor = "Olivier H. Roux and Claude Jard",
	publisher = "Hermes/Lavoisier",
	year = "2008",
	month = oct,
	url = "http://www.lavoisier.fr/notice/fr335499.html",
	isbn = "978-2-7462-1942-7",
	category = "bchap"
}

@Book{ schnoebelen-99,
	author = "{\relax Ph}ilippe Schnoebelen and B{\'e}atrice B{\'e}rard and Michel Bidoit and Fran\c{c}ois Laroussinie and Antoine Petit",
	month = apr,
	publisher = "Vuibert",
	title = "V{\'e}rification de logiciels : techniques et outils du model-checking",
	url = "http://www.vuibert.com/livre593.html",
	year = "1999"
}

@Book{ arnold-92,
	title = "Syst{\`e}mes de transitions finis et s{\'e}mantique des processus communicants",
	series = "{\'E}tudes et recherches en informatique",
	author = "Andr{\'e} Arnold",
	publisher = "Masson",
	year = "1992",
	isbn = "2-225-82746-X"
}

@InProceedings{ bernot-comet-khalis-08,
	author = "Gilles Bernot and Jean-Paul Comet and Zohra Khalis",
	title = "Gene regulatory networks with multiplexes",
	booktitle = "European Simulation and Modelling Conference Proceedings",
	pages = "423--432",
	year = "2008",
	address = "France",
	month = oct,
	isbn = "978-90-77381-44-1"
}

@Article{ jong-02,
	author = "Hidde De Jong",
	title = "Modeling and simulation of genetic regulatory systems: A literature review",
	journal = "Journal of Computational Biology",
	year = "2002",
	volume = "9",
	pages = "67--103"
}

@Unpublished{ khalis-bernot-comet-richard-roux-siebert-UnPublished,
	title = "A Hoare logic to identify parameter values of discrete models of gene regulatory networks",
	author = "Zohra Khalis and Gilles Bernot and Jean-Paul Comet and Adrien Richard and Olivier Roux and H Siebert",
	note = "Document de travail"
}

@TechReport{ moeller-04,
	title = "Program verification with {H}oare logic",
	author = "Anders M{\o}ller",
	institution = "University of Aarhus",
	year = "2004",
	note = "\url{http://www.brics.dk/~amoeller/talks/hoare.pdf}"
}

@Misc{ wikipedia-bioinformatics,
	title = "Entr{\'e}e << {B}ioinformatics >> de {W}ikipedia",
	month = "30 janvier",
	year = "2011",
	note = "\url{http://en.wikipedia.org/wiki/Bio-informatics}"
}

@Misc{ lingep-nilges-bioinformatics,
	title = "A definition of << {B}ioinformatics >>",
	author = "Jens {Linge P} and Michael Nilges",
	month = "22 avril",
	year = "2002",
	note = "\url{http://www.pasteur.fr/recherche/unites/Binfs/definition/bioinformatics_definition.html}"
}

